@book{org2001fonoaudiologo,
	title        = {O fonoaudiólogo e a escola},
	author       = {org Ferreira, Leslie Piccolotto},
	year         = 2001,
	publisher    = {Plexus Editora}
}
@book{godinho2016vida,
	title        = {Vida organizada: como definir prioridades e transformar seus sonhos em objetivos},
	author       = {Godinho, Thais},
	year         = 2016,
	publisher    = {Editora Gente Liv e Edit Ltd}
}
@article{mello2006metodologia,
	title        = {Metodologia de investigação comunicativa: contribuições para a pesquisa educacional na construção de uma escola com e para todas e todos},
	author       = {MELLO, Roseli Rodrigues de},
	year         = 2006,
	journal      = {29a. Reunião da ANPED},
	pages        = {1--17}
}

@inproceedings{ersi-rj,
 author = {Renato Alves and Mônica da Silva},
 title = {Adoção de tecnologia computacional no TDAH},
 booktitle = {Anais da VII Escola Regional de Sistemas de Informação do Rio de Janeiro},
 location = {Evento Online},
 year = {2021},
 keywords = {},
 issn = {0000-0000},
 pages = {124--127},
 publisher = {SBC},
 address = {Porto Alegre, RS, Brasil},
 url = {https://sol.sbc.org.br/index.php/ersi-rj/article/view/16991}
}
